<record><leader>00000cas a22000007a 4500</leader><controlfield tag="001">21707708</controlfield><controlfield tag="008">900605d19062016gaudn ne      0   a0eng d</controlfield><datafield ind1=" " ind2=" " tag="010"><subfield code="a">sn 90052143 </subfield></datafield><datafield ind1=" " ind2=" " tag="040"><subfield code="a">NLG</subfield><subfield code="b">eng</subfield><subfield code="c">NLG</subfield><subfield code="d">NSD</subfield><subfield code="d">GUA</subfield><subfield code="d">OCLCQ</subfield><subfield code="d">OCLCF</subfield><subfield code="d">OCLCO</subfield><subfield code="d">GUA</subfield></datafield><datafield ind1=" " ind2=" " tag="012"><subfield code="l">1</subfield></datafield><datafield ind1="1" ind2=" " tag="022"><subfield code="a">1090-3895</subfield><subfield code="l">1090-3895</subfield><subfield code="2">1</subfield></datafield><datafield ind1=" " ind2=" " tag="042"><subfield code="a">msc</subfield><subfield code="a">nsdp</subfield></datafield><datafield ind1=" " ind2=" " tag="043"><subfield code="a">n-us-ga</subfield></datafield><datafield ind1=" " ind2=" " tag="090"><subfield code="a">AN13.B7</subfield><subfield code="b">N48</subfield></datafield><datafield ind1="0" ind2=" " tag="130"><subfield code="a">Brunswick news (Brunswick, Ga. : 1906)</subfield></datafield><datafield ind1=" " ind2="4" tag="222"><subfield code="a">The Brunswick news</subfield><subfield code="b">(Brunswick, Ga. 1906)</subfield></datafield><datafield ind1="1" ind2="4" tag="245"><subfield code="a">The Brunswick news.</subfield></datafield><datafield ind1="1" ind2=" " tag="246"><subfield code="i">Published Sept. 8, 1908-July 16, 1909 with title:</subfield><subfield code="a">Brunswick daily news</subfield></datafield><datafield ind1=" " ind2=" " tag="260"><subfield code="a">Brunswick, Ga. :</subfield><subfield code="b">News Pub. Co.</subfield></datafield><datafield ind1=" " ind2=" " tag="300"><subfield code="a">v.</subfield></datafield><datafield ind1=" " ind2=" " tag="310"><subfield code="a">Daily (except Mon.)</subfield></datafield><datafield ind1="1" ind2=" " tag="362"><subfield code="a">Began with Sept. 30, 1906 issue?; ceased with vol. 114, no. 300 (Aug. 31, 2016).</subfield></datafield><datafield ind1=" " ind2=" " tag="530"><subfield code="a">Also on microfilm: Athens, Ga. : University of Georgia Libraries.</subfield></datafield><datafield ind1=" " ind2=" " tag="588"><subfield code="a">Description based on: Vol. 6, no. 8 (Oct. 2, 1906).</subfield></datafield><datafield ind1=" " ind2=" " tag="588"><subfield code="a">Latest issue consulted: Vol. 114, no. 300 (Aug. 31, 2016).</subfield></datafield><datafield ind1=" " ind2="0" tag="651"><subfield code="a">Brunswick (Ga.)</subfield><subfield code="v">Newspapers.</subfield></datafield><datafield ind1=" " ind2="0" tag="651"><subfield code="a">Glynn County (Ga.)</subfield><subfield code="v">Newspapers.</subfield></datafield><datafield ind1=" " ind2="7" tag="651"><subfield code="a">Georgia</subfield><subfield code="z">Brunswick.</subfield><subfield code="2">fast</subfield><subfield code="0">(OCoLC)fst01218163</subfield></datafield><datafield ind1=" " ind2="7" tag="651"><subfield code="a">Georgia</subfield><subfield code="z">Glynn County.</subfield><subfield code="2">fast</subfield><subfield code="0">(OCoLC)fst01214157</subfield></datafield><datafield ind1=" " ind2="7" tag="655"><subfield code="a">Newspapers.</subfield><subfield code="2">fast</subfield><subfield code="0">(OCoLC)fst01423814</subfield></datafield><datafield ind1=" " ind2=" " tag="752"><subfield code="a">United States</subfield><subfield code="b">Georgia</subfield><subfield code="c">Glynn</subfield><subfield code="d">Brunswick.</subfield></datafield><datafield ind1="0" ind2="0" tag="780"><subfield code="t">Brunswick daily news</subfield><subfield code="w">(DLC)sn 90052142</subfield><subfield code="w">(OCoLC)21681384</subfield></datafield><datafield ind1="0" ind2="5" tag="780"><subfield code="t">Brunswick banner</subfield></datafield><datafield ind1="0" ind2="0" tag="785"><subfield code="t">News (Brunswick, Ga.)</subfield><subfield code="w">(DLC)  2016233534</subfield><subfield code="w">(OCoLC)960210036</subfield></datafield><datafield ind1="1" ind2=" " tag="029"><subfield code="a">AU@</subfield><subfield code="b">000020607543</subfield></datafield><datafield ind1="1" ind2=" " tag="029"><subfield code="a">NZ1</subfield><subfield code="b">16071632</subfield></datafield></record>